% Encoding: UTF-8
@misc{Kay2021, title={NPM vs. Yarn: Dependency resolution}, url={https://darekkay.com/blog/npm-yarn-dependency-resolution/}, journal={darekkay.com}, author={Kay, Darek}, year={2021}, month={10}}

@misc{npmDocsPackageJson, title={Package.json}, url={https://docs.npmjs.com/cli/v8/configuring-npm/package-json}, journal={npm Docs}, author={{npm, Inc.}}} 

@misc{you_2021, title={Why Vite}, url={https://vitejs.dev/guide/why.html}, journal={Vite}, author={You, Evan}, year={2021}} 

@misc{sweeney_2020, title={Why I use Rollup, and not Webpack}, url={https://medium.com/@PepsRyuu/why-i-use-rollup-and-not-webpack-e3ab163f4fd3}, journal={Medium}, publisher={Medium}, author={Sweeney, Paul}, year={2020}, month={5}} 

@misc{dahan_2021, title={Can parcel V2 announcement impact Vite?}, url={https://github.com/vitejs/vite/discussions/5290}, journal={GitHub}, author={Dahan, David}, year={2021}, month={10}} 

@misc{wallace, title={FAQ}, url={https://esbuild.github.io/faq/#upcoming-roadmap}, journal={esbuild}, author={Wallace, Evan}} 

@misc{pierce, title={Alangpierce/Sucrase: Super-fast alternative to babel for when you can target modern JS runtimes}, url={https://github.com/alangpierce/sucrase}, journal={GitHub}, author={Pierce, Alan}}

@misc{swc, url={https://swc.rs/}, journal={SWC}}

@misc{de_witt_2016, title={Why use peer dependencies in NPM for plugins?}, url={https://stackoverflow.com/a/34645112/10780174}, journal={Stack Overflow}, author={de Witt, Stijn}, year={2016}, month={1}} 

@misc{roy_2022, title={The difference between a framework and a library}, url={https://www.baeldung.com/cs/framework-vs-library}, journal={Baeldung on Computer Science}, author={Roy, Sandip}, year={2022}, month={1}}

@misc{cartland_2021, title={Common single page application crawling issues \& how to fix them}, url={https://www.deepcrawl.com/blog/best-practice/spa-seo/}, journal={Deepcrawl}, author={Cartland, Daniel}, year={2021}, month={4}}

@misc{deveria_esmodules, title={JavaScript modules via script tag: Can I use... support tables for HTML5, CSS3, etc}, url={https://caniuse.com/es6-module}, journal={JavaScript modules via script tag | Can I use... Support tables for HTML5, CSS3, etc}, author={Deveria, Alexis}}

@Comment{jabref-meta: databaseType:biblatex;}
