% Encoding: UTF-8
@ARTICLE{meijer_drayton_2004,
    title={Static Typing Where Possible, Dynamic Typing When Needed: The End of the Cold War Between Programming Languages}, url={http://citeseerx.ist.psu.edu/viewdoc/download?doi=10.1.1.69.5966&rep=rep1&type=pdf},
    author={Meijer, Erik and Drayton, Peter},
    year={2004},
    month={1}
}

@ARTICLE{olund_karlsson_2016,
    title={Investigation of the key features in ECMAScript 2015},
    url={http://www.diva-portal.org/smash/get/diva2:944015/FULLTEXT02},
    author={Ölund, Henrik and Karlsson, Jonatan},
    year={2016},
    month={6}
}

@ARTICLE{hsu_2017,
    title={Evaluating HTTP/1.1 and HTTP/2 Performance with Dependency Graph Properties},
    url={https://dspace.mit.edu/handle/1721.1/119526},
    journal={DSpace@MIT},
    author={Hsu, Eeway Erika},
    year={2017}
}

@MISC{reilly_2021,
    title={webpack or esbuild: Why not both?}, url={https://blog.logrocket.com/webpack-or-esbuild-why-not-both/}, journal={LogRocket Blog},
    author={Reilly, John},
    year={2021},
    month={6}
}

@MISC{geeksforgeeks_2021,
    title={Advantages and Disadvantages of JavaScript}, url={https://www.geeksforgeeks.org/advantages-and-disadvantages-of-javascript/},
    author={Agarwal, Pulkit},
    journal={GeeksforGeeks},
    year={2021},
    month={8}
}

@MISC{khosravi_2020,
    title={Why you should use SWC (and not Babel)}, url={https://blog.logrocket.com/why-you-should-use-swc/},
    journal={LogRocket Blog},
    author={Khosravi, Kasra},
    year={2020},
    month={6}
}

@MISC{kang_2020,
    title={Performance comparison of swc and babel · swc}, url={https://web.archive.org/web/20201027152241/https://swc.rs/blog/2020/01/31/perf-swc-vs-babel},
    journal={swc Blog ATOM},
    author={Kang, Dong Yoon},
    year={2020},
    month={1}
}

@MISC{eaton_2021,
    title={Benchmarking esbuild, swc, tsc, and babel for React/JSX projects}, url={https://datastation.multiprocess.io/blog/2021-11-13-benchmarking-esbuild-swc-typescript-babel.html},
    journal={DataStation},
    author={Eaton, Phil},
    year={2021},
    month={11}
}

@MISC{fraser_2020,
    title={An introduction to Webpack Code-Splitting, Loadable/component, and Resource Hints},
    url={https://medium.com/swlh/an-introduction-to-webpack-code-splitting-loadable-component-and-resource-hints-f0c3a3e45ce4},
    journal={Medium},
    publisher={The Startup},
    author={Fraser, Dominic},
    year={2020},
    month={8}
}

@BOOK{pollard_2018,
    title={Comparison of HTTP/1.1 and HTTP/2}, url={https://freecontent.manning.com/wp-content/uploads/mentalmodel-HTTP2_in_Action2.png},
    journal={freecontent.manning.com},
    publisher={Manning},
    author={Pollard, Barry},
    year={2018},
    month={4}
}

@Comment{jabref-meta: databaseType:biblatex;}
